
article{template_article,
	author   = {},
	title    = {},
	journal  = {},
	date     = {},
	keywords = {},
}

online{template_url,
	title        = {},
	organization = {},
	date         = {},
	urldate      = {},
	url          = {},
	keywords     = {},
}

book{template_book,
	author       = {},
	title        = {},
	publisher    = {},
	date         = {},
	keywords     = {},
}

@book{NoSQL,
	author       = {Pramod J. Sadalage, Martin Fowler},
	title        = {NoSQL Distilled},
	publisher    = {Addison-Wesley Professional},
	date         = {2012-08-18},
	keywords     = {Database},
}

@online{neo4j,
	title        = {What is a Graph Database?},
	organization = {Neo4j},
	urldate      = {2018-03-26},
	url          = {https://neo4j.com/developer/graph-database/},
	keywords     = {neo4j graph database},
}

@online{CRISTIN-API-summary,
	title	     = {{API - teneste for automatisert utveksling av informasjon}},
	author       = {CERES},
	year         = 2018,
	url          = {https://www.cristin.no/tjenester/api/},
	urldate      = {2018-03-26},
}

@online{CRISTIN-WS,
	title        = {{Teknisk dokumentasjon av Cristin Web service}},
	author       = {CERES},
	year         = 2018,
	url          = {https://www.cristin.no/ressurser/dokumentasjon/web-service/index.html},
	urldate      = {2018-03-26},
}

@online{CRISTIN-REST,
	title        = {{Cristin API}},
	author       = {CERES},
	year         = 2018,
	url          = {https://api.cristin.no/index.html},
	urldate      = {2018-03-26},
}
